@InProceedings{confbib5,
  author     = {Alekseev, V. V.},
  booktitle  = {Integrable Systems and Nonlinear Dynamics (ISND – 2024)},
  title      = {Two-cluster synchronisation in a fully coupled network of Mackey–Glass generators},
  year       = {2024},
  pages      = {9--10},
  authorconf = {true},
  language   = {english},
}

@InProceedings{confbib4,
  author     = {Alekseev, V.V. and Preobrazhenskaia, M.M.},
  booktitle  = {Proceedings of the International Conference and International School for Young Scientists (Suzdal)},
  title      = {Analysis of the asymptotic convergence of periodic solution of the Mackey–Glass equation to the solution of the limit relay equation [in Russian]},
  year       = {2024},
  pages      = {86},
  authorconf = {true},
  language   = {russian},
}

@InProceedings{confbib3,
  author     = {Alekseev, V.V. and Preobrazhenskaia, M.M. and Zelenova, V.K.},
  booktitle  = {Nonlinear days in Saratov for young scientists — 2023. Book of abstracts},
  title      = {Existence and Investigation of Stability of Discrete Traveling Waves in Fully Coupled Network of Mackey-Glass Relay Generators [in Russian]},
  year       = {2023},
  pages      = {63--64},
  authorconf = {true},
  language   = {russian},
}

@InProceedings{confbib1,
  author     = {Alekseev, V.V. and Preobrazhenskaia, M.M. and Zelenova, V.K.},
  booktitle  = {Proceedings of the International Conference and International School for Young Scientists (Suzdal)},
  title      = {Existence of Discrete Traveling Waves in Fully Coupled Network of Mackey-Glass Relay Generators},
  year       = {2022},
  pages      = {81},
  authorconf = {true},
  language   = {russian},
}

@InProceedings{confbib2,
  author     = {Alekseev, V. V. and Preobrazhenskaia, M. M. and Zelenova, V. K.},
  booktitle  = {Satellite International Conference on Nonlinear Dynamics and Integrability and Scientific School "Nonlinear Days"},
  title      = {Existence of discrete traveling waves in a fully connected relay system of Mackey–Glass type equations [in Russian]},
  year       = {2022},
  pages      = {14--15},
  authorconf = {true},
  language   = {english},
}

 
@Article{scbib1,
  author       = {Alekseev, V. V.},
  journal      = {Partial Differential Equations in Applied Mathematics},
  title        = {Two-cluster synchronization in a fully coupled network of Mackey–Glass generators},
  year         = {2024},
  issn         = {2666-8181},
  pages        = {100930},
  volume       = {12},
  authorscopus = {true},
  authorvak    = {true},
  doi          = {10.1016/j.padiff.2024.100930},
  publisher    = {Elsevier BV},
}

@Article{wosbib2,
  author       = {Alekseev, V. V. and Preobrazhenskaia, M. M. and Vorontsova, V. K.},
  journal      = {Differential Equations},
  title        = {Existence of Discrete Traveling Waves in Fully Coupled Network of Mackey-Glass Relay Generators},
  year         = {2024},
  number       = {9},
  pages        = {1217--1231},
  volume       = {60},
  authorscopus = {true},
  authorvak    = {true},
  authorwos    = {true},
}

@InProceedings{confbib6,
  author     = {Alekseev, V. V.},
  booktitle  = {Topological Methods in Dynamics and Related Topics. Book of Abstracts},
  title      = {Two-cluster Synchronization in a Fully Coupled Network of Mackey–Glass Generators},
  year       = {2024},
  pages      = {9--10},
  authorconf = {true},
  language   = {english},
}

 
@Article{wosbib1,
  author    = {Alekseev, V. V. and Preobrazhenskaia, M. M.},
  journal   = {Theoretical and Mathematical Physics},
  title     = {Analysis of the asymptotic convergence of periodic solution of the Mackey–Glass equation to the solution of the limit relay equation},
  year      = {2024},
  issn      = {1573-9333},
  number    = {2},
  pages     = {1241--1261},
  volume    = {220},
  doi       = {10.1134/s0040577924080014},
  publisher = {Pleiades Publishing Ltd},
}

@Comment{jabref-meta: databaseType:bibtex;}
