@InProceedings{confbib5,
  author     = {Alekseev, V. V.},
  booktitle  = {Integrable Systems and Nonlinear Dynamics (ISND – 2024)},
  title      = {Two-cluster synchronisation in a fully coupled network of Mackey–Glass generators},
  year       = {2024},
  pages      = {9--10},
  authorconf = {true},
  language   = {english},
}

@InProceedings{confbib4,
  author     = {Алексеев, В.В. and Преображенская, М.М.},
  booktitle  = {Сборник тезисов международной конференции и международной школы молодых учёных (Суздаль)},
  title      = {Анализ асимптотической сходимости периодического решения уравнения Мэки-Гласса к решению предельного релейного уравнения},
  year       = {2024},
  pages      = {86},
  authorconf = {true},
  language   = {russian},
}

@Article{wosbib1,
  author       = {Алексеев, В.В. and Преображенская, М.М.},
  journal      = {Теоретическая и Математическая Физика},
  title        = {Анализ асимптотической сходимости периодического решения уравнения Мэки–Гласса к решению предельного релейного уравнения},
  year         = {2024},
  number       = {2},
  pages        = {213--236},
  volume       = {220},
  authorscopus = {true},
  authorvak    = {true},
  authorwos    = {true},
  language     = {russian},
}

@InProceedings{confbib3,
  author     = {Алексеев, В. В. and Преображенская, М. М. and Зеленова, В. К.},
  booktitle  = {Нелинейные дни в Саратове для молодых — 2023. Сборник научных трудов конференции.},
  title      = {Существование и исследование устойчивости решений в форме дискретной бегущей волны в полносвязной цепи генераторов Мэки-Гласса},
  year       = {2023},
  pages      = {63--64},
  authorconf = {true},
  language   = {russian},
}

@InProceedings{confbib1,
  author     = {Алексеев, В. В. and Преображенская, М. М. and Зеленова, В. К.},
  booktitle  = {Международная конференция по дифференциальным уравнениям и динамическим системам (Суздаль). Тезисы докладов},
  title      = {Существование дискретных бегущих волн в полносвязной цепи релейных генераторов Мэки-Гласса},
  year       = {2022},
  pages      = {81},
  authorconf = {true},
  language   = {russian},
}

@InProceedings{confbib2,
  author     = {Alekseev, V. and Preobrazhenskaia, M. and Zelenova, V.},
  booktitle  = {Satellite International Conference on Nonlinear Dynamics and Integrability and Scientific School "Nonlinear Days"},
  title      = {Existence of discrete traveling waves in a fully connected relay system of Mackey–Glass type equations},
  year       = {2022},
  pages      = {14--15},
  authorconf = {true},
  language   = {english},
}

 
@Article{scbib1,
  author       = {Alekseev, V.},
  journal      = {Partial Differential Equations in Applied Mathematics},
  title        = {Two-cluster synchronization in a fully coupled network of Mackey–Glass generators},
  year         = {2024},
  issn         = {2666-8181},
  pages        = {100930},
  volume       = {12},
  authorscopus = {true},
  authorvak    = {true},
  doi          = {10.1016/j.padiff.2024.100930},
  publisher    = {Elsevier BV},
}

@Article{wosbib2,
  author       = {Alekseev, V. and Preobrazhenskaia, M. and Vorontsova, V.},
  journal      = {Differential Equations},
  title        = {Existence of Discrete Traveling Waves in Fully Coupled Network of Mackey-Glass Relay Generators},
  year         = {2024},
  number       = {9},
  pages        = {1217--1231},
  volume       = {60},
  authorscopus = {true},
  authorvak    = {true},
  authorwos    = {true},
}

@InProceedings{confbib6,
  author     = {Alekseev, V. V.},
  booktitle  = {Topological Methods in Dynamics and Related Topics. Book of Abstracts},
  title      = {Two-cluster Synchronization in a Fully Coupled Network of Mackey–Glass Generators},
  year       = {2024},
  pages      = {9--10},
  authorconf = {true},
  language   = {english},
}

@Comment{jabref-meta: databaseType:bibtex;}
