% ГОСТ Р 7.0.11-2011, Приложение Б, Книги
@Article{Mackey1977,
  author       = {Michael C. Mackey and Leon Glass},
  date         = {1977},
  journaltitle = {Science},
  title        = {Oscillation and Chaos in Physiological Control Systems},
  doi          = {10.1126/science.267326},
  issn         = {0036-8075},
  pages        = {287-289},
  volume       = {197},
}

@Book{Glass1988,
  author    = {Glass, Leon and Mackey, Michael C.},
  date      = {1988},
  title     = {From clocks to chaos. {The} rhythms of life},
  isbn      = {0-691-08495-5},
  language  = {English},
  publisher = {Princeton, NJ: Princeton University Press},
  keywords  = {92C30,92-02,92C50},
  zbl       = {0705.92004},
  zbmath    = {44435},
}

@Article{Kolesov2010,
  author       = {Kolesov, A. Yu. and Mishchenko, E. F. and Rozov, N. Kh.},
  date         = {2010-12},
  journaltitle = {Computational Mathematics and Mathematical Physics},
  title        = {A modification of Hutchinson’s equation},
  doi          = {10.1134/s0965542510120031},
  issn         = {1555-6662},
  number       = {12},
  pages        = {1990--2002},
  volume       = {50},
  publisher    = {Pleiades Publishing Ltd},
}

@Article{Roest2007,
  author       = {Röst, Gergely and Wu, Jianhong},
  date         = {2007-07},
  journaltitle = {Proceedings of the Royal Society A: Mathematical, Physical and Engineering Sciences},
  title        = {Domain-decomposition method for the global dynamics of delay differential equations with unimodal feedback},
  doi          = {10.1098/rspa.2007.1890},
  issn         = {1471-2946},
  number       = {2086},
  pages        = {2655--2669},
  volume       = {463},
  publisher    = {The Royal Society},
}

@Article{Glyzin2013,
  author       = {Глызин, С. Д. and Колесов, А. Ю. and Розов, Н. Х.},
  date         = {2013},
  journaltitle = {Дифференциальные уравнения},
  title        = {Об одном способе математического моделирования химических синапсов},
  number       = {10},
  pages        = {1227--1244},
  volume       = {49},
}

@Book{Krasnov1975,
  author    = {Краснов, Михаил Леонтьевич},
  date      = {1975},
  title     = {Интегральные уравнения. Введение в теорию},
  language  = {russian},
  publisher = {М.: Наука},
}

@Book{Filippov1988,
  author    = {Filippov, A. F.},
  date      = {1988},
  title     = {Differential Equations with Discontinuous Righthand Sides},
  publisher = {Springer Netherlands: Dordrecht},
}

@Article{Berezansky2006,
  author       = {L. Berezansky and E. Braverman},
  date         = {2006},
  journaltitle = {Computers and Mathematics with Applications},
  title        = {Mackey-glass equation with variable coefficients},
  doi          = {10.1016/j.camwa.2005.09.001},
  issn         = {0898-1221},
  pages        = {1-16},
  volume       = {51},
}

@Article{Junges2012,
  author       = {Junges, Leandro and Gallas, Jason A. C.},
  date         = {2012},
  journaltitle = {Physics Letters. A},
  title        = {Intricate routes to chaos in the {Mackey}-{Glass} delayed feedback system},
  doi          = {10.1016/j.physleta.2012.05.022},
  issn         = {0375-9601},
  language     = {English},
  number       = {30-31},
  pages        = {2109--2116},
  volume       = {376},
  keywords     = {93B52,34K23,34K11,34H10},
  zbl          = {1266.93057},
  zbmath       = {6179535},
}

@Article{Su2011,
  author       = {Su, Huan and Ding, Xiaohua and Li, Wenxue},
  date         = {2011},
  journaltitle = {Applied Mathematical Modelling},
  title        = {Numerical bifurcation control of {Mackey}-{Glass} system},
  doi          = {10.1016/j.apm.2011.01.009},
  issn         = {0307-904X},
  language     = {English},
  number       = {7},
  pages        = {3460--3472},
  volume       = {35},
  keywords     = {93D15,92C30,34K18,37N25,93B52,92-08},
  zbl          = {1221.93235},
  zbmath       = {5947891},
}

@Article{Liz2002,
  author       = {Liz, Eduardo and Trofimchuk, Elena and Trofimchuk, Sergei},
  date         = {2002},
  journaltitle = {Journal of Mathematical Analysis and Applications},
  title        = {Mackey-{Glass} type delay differential equations near the boundary of absolute stability},
  doi          = {10.1016/S0022-247X(02)00416-X},
  issn         = {0022-247X},
  language     = {English},
  number       = {2},
  pages        = {747--760},
  volume       = {275},
  keywords     = {34K20},
  zbl          = {1022.34071},
  zbmath       = {1866713},
}

@Article{Wu2007,
  author       = {Xin-Min Wu and Jing-Wen Li and Hou-Qing Zhou},
  date         = {2007},
  journaltitle = {Computers and Mathematics with Applications},
  title        = {A necessary and sufficient condition for the existence of positive periodic solutions of a model of hematopoiesis},
  doi          = {10.1016/j.camwa.2007.03.004},
  issn         = {0898-1221},
  pages        = {840-849},
  volume       = {54},
}

@Article{Kubyshkin2016,
  author       = {E. P. Kubyshkin and A. R. Moryakova},
  date         = {2016-12},
  journaltitle = {Modeling and Analysis of Information Systems},
  title        = {Bifurcation of Periodic Solutions of the Mackey– Glass Equation},
  doi          = {10.18255/1818-1015-2016-6-784-803},
  issn         = {2313-5417},
  number       = {6},
  pages        = {784--803},
  url          = {https://www.mais-journal.ru/jour/article/view/415},
  volume       = {23},
  abstract     = {We study the bifurcation of the equilibrium states of periodic solutions for the Mackey– Glass equation. This equation is considered as a mathematical model of changes in the density of white blood cells. The equation written in dimensionless variables contains a small parameter at the derivative, which makes it singular. We applied the method of uniform normalization, which allows us to reduce the study of the solutions behavior in the neighborhood of the equilibrium state to the analysis of the countable system of ordinary diﬀerential equations. We poot out the equations in ”fast” and ”slow” variables from this system. Equilibrium states of the ”slow” variables equations determine the periodic solutions. The analysis of equilibrium states allows us to study the bifurcation of periodic solutions depending on the parameters of the equation and their stability. The possibility of simultaneous bifurcation of a large number of stable periodic solutions is shown. This situation is called the multistability phenomenon.},
  keywords     = {уравнение мэкки–гласса, периодические решения, бифуркация мультистабильности},
  publisher    = {Yaroslavl State University},
}

@Article{Namajunas1995,
  author       = {A. Namajūnas and K. Pyragas and A. Tamaševičius},
  date         = {1995},
  journaltitle = {Physics Letters A},
  title        = {An electronic analog of the Mackey-Glass system},
  doi          = {10.1016/0375-9601(95)00208-k},
  issn         = {0375-9601},
  pages        = {42-46},
  volume       = {201},
}

@Article{Glyzin2018,
  author       = {Glyzin, S. D. and Kolesov, A. Yu. and Rozov, N. Kh.},
  date         = {2018},
  journaltitle = {Theoretical and Mathematical Physics},
  title        = {An approach to modeling artificial gene networks},
  doi          = {10.1134/S0040577918030121},
  issn         = {0040-5779},
  language     = {English},
  number       = {3},
  pages        = {471--490},
  volume       = {194},
  keywords     = {92C40,92C42,35Q92},
  zbl          = {1400.92185},
  zbmath       = {6952238},
}

@Article{Glyzin2018a,
  author       = {Glyzin, S. D. and Kolesov, A. Yu. and Rozov, N. Kh.},
  date         = {2018},
  journaltitle = {Computational Mathematics and Mathematical Physics},
  title        = {Quasi-stable structures in circular gene networks},
  doi          = {10.1134/S0965542518050093},
  issn         = {0965-5425},
  language     = {English},
  number       = {5},
  pages        = {659--679},
  volume       = {58},
  keywords     = {34C60,34E15,34C05,34D20,34K13,92B20,92D10},
  zbl          = {1398.34066},
  zbmath       = {6920533},
}

@Article{Grassberger1983,
  author       = {Grassberger, Peter and Procaccia, Itamar},
  date         = {1983},
  journaltitle = {Physica D},
  title        = {Measuring the strangeness of strange attractors},
  doi          = {10.1016/0167-2789(83)90298-1},
  issn         = {0167-2789},
  language     = {English},
  pages        = {189--208},
  volume       = {9},
  keywords     = {37D45,28A80,37D25,37A35},
  zbl          = {0593.58024},
  zbmath       = {3953892},
}

@Article{Amil2015,
  author       = {Amil, Pablo and Cabeza, Cecilia and Masoller, Cristina and Mart{\'{\i}}, Arturo C.},
  date         = {2015},
  journaltitle = {Chaos},
  title        = {Organization and identification of solutions in the time-delayed {Mackey}-{Glass} model},
  doi          = {10.1063/1.4918593},
  issn         = {1054-1500},
  language     = {English},
  number       = {4},
  pages        = {043112, 8},
  url          = {hdl.handle.net/2117/81311},
  volume       = {25},
  keywords     = {94C05},
  zbl          = {1374.94887},
  zbmath       = {6808721},
}

@Article{Amil2015a,
  author       = {Amil, Pablo and Cabeza, Cecilia and Mart{\'\i}, Arturo C.},
  date         = {2015},
  journaltitle = {IEEE Transactions on circuits and systems-ii: express briefs},
  title        = {Electronic Implementation of the Mackey-Glass Delayed Model},
  doi          = {10.48550/arXiv.1408.5083},
  eid          = {arXiv:1408.5083},
  eprint       = {1408.5083},
  eprintclass  = {nlin.CD},
  eprinttype   = {arXiv},
  number       = {7},
  pages        = {681--685},
  url          = {https://ui.adsabs.harvard.edu/abs/2014arXiv1408.5083A},
  volume       = {62},
  abstract     = {The celebrated Mackey-Glass model describes the dynamics of         physiological textit\{delayed\} systems in which         the actual evolution depends on the values of the variables at         some textit\{previous\} times. This kind of         systems are usually expressed by delayed differential equations         which turn out to be infinite-dimensional. In this contribution,         an electronic implementation mimicking the Mackey-Glass model is         proposed. New approaches for both the nonlinear function and the         delay block are made. Explicit equations for the actual         evolution of the implementation are derived. Simulations of the         original equation, the circuit equation, and experimental data         show great concordance.},
  keywords     = {Nonlinear Sciences - Chaotic Dynamics},
}

@Article{Shahverdiev2006,
  author       = {Shahverdiev, E. M. and Nuriev, R. A. and Hashimov, R. H. and Shore, K. A.},
  date         = {2006},
  journaltitle = {Chaos, Solitons and Fractals},
  title        = {Chaos synchronization between the {Mackey}-{Glass} systems with multiple time delays},
  doi          = {10.1016/j.chaos.2005.08.128},
  issn         = {0960-0779},
  language     = {English},
  number       = {4},
  pages        = {854--861},
  volume       = {29},
  keywords     = {37D45,34K20,93D15},
  zbl          = {1142.37330},
  zbmath       = {5323187},
}

@Article{Tateno2012,
  author       = {Masahiko Tateno and Atsushi Uchida},
  date         = {2012},
  journaltitle = {Nonlinear Theory Appl., IEICE},
  title        = {Nonlinear dynamics and chaos synchronization in Mackey-Glass electronic circuits with multiple time-delayed feedback},
  doi          = {10.1587/nolta.3.155},
  issn         = {2185-4106},
  pages        = {155-164},
  volume       = {3},
}

@Article{Sano2007,
  author       = {Satoshi Sano and Atsushi Uchida and Shigeru Yoshimori and Rajarshi Roy},
  date         = {2007},
  journaltitle = {Phys. ReV. E},
  title        = {Dual synchronization of chaos in Mackey-Glass electronic circuits with time-delayed feedback},
  doi          = {10.1103/physreve.75.016207},
  issn         = {1539-3755},
  pages        = {016207},
  volume       = {75},
}

@Article{Wan2009,
  author       = {Wan, Aying and Wei, Junjie},
  date         = {2009},
  journaltitle = {Nonlinear Dynamics},
  title        = {Bifurcation analysis of {Mackey}-{Glass} electronic circuits model with delayed feedback},
  doi          = {10.1007/s11071-008-9422-7},
  issn         = {0924-090X},
  language     = {English},
  number       = {1-2},
  pages        = {85--96},
  volume       = {57},
  keywords     = {78A55},
  zbl          = {1176.78020},
  zbmath       = {5642415},
}

@Article{Preobrazhenskaia2021,
  author       = {Margarita M. Preobrazhenskaia},
  date         = {2021},
  journaltitle = {IFAC PapersOnLine},
  title        = {Antiphase mode in a Pair of Mackey–Glass Type Generators with Two Delays},
  doi          = {10.1016/j.ifacol.2021.11.040},
  issn         = {2405-8963},
  number       = {17},
  pages        = {145-148},
  volume       = {54},
}

 
@Article{Bartha2021,
  author       = {Bartha, Ferenc A. and Krisztin, Tibor and Vígh, Alexandra},
  date         = {2021-09},
  journaltitle = {Journal of Differential Equations},
  title        = {Stable periodic orbits for the Mackey–Glass equation},
  doi          = {10.1016/j.jde.2021.05.052},
  issn         = {0022-0396},
  pages        = {15--49},
  volume       = {296},
  publisher    = {Elsevier BV},
}

 
@Article{Krisztin2020,
  author       = {Krisztin, Tibor},
  date         = {2020},
  journaltitle = {Electronic Journal of Qualitative Theory of Differential Equations},
  title        = {Periodic solutions with long period for the Mackey–Glass equation},
  doi          = {10.14232/ejqtde.2020.1.83},
  issn         = {1417-3875},
  number       = {83},
  pages        = {1--12},
  publisher    = {University of Szeged},
}

 
@Article{Glyzin2012,
  author       = {Glyzin, S. D. and Kolesov, A. Yu. and Rozov, N. Kh.},
  date         = {2012-05},
  journaltitle = {Computational Mathematics and Mathematical Physics},
  title        = {Discrete autowaves in neural systems},
  doi          = {10.1134/s0965542512050090},
  issn         = {1555-6662},
  number       = {5},
  pages        = {702--719},
  volume       = {52},
  publisher    = {Pleiades Publishing Ltd},
}

 
@Article{Глызин2022,
  author       = {Глызин, С. Д. and Колесов, А. Ю.},
  date         = {2022},
  journaltitle = {Журнал вычислительной математики и математической физики},
  title        = {Бегущие волны в полносвязных сетях нелинейных осцилляторов},
  doi          = {10.31857/s0044466922010070},
  issn         = {0044-4669},
  number       = {1},
  pages        = {71--89},
  volume       = {62},
  publisher    = {The Russian Academy of Sciences},
}

@Comment{jabref-meta: databaseType:biblatex;}
