% ГОСТ Р 7.0.11-2011, Приложение Б, Книги
@Article{Mackey1977,
  author       = {Michael C. Mackey and Leon Glass},
  date         = {1977},
  journaltitle = {Science},
  title        = {Oscillation and Chaos in Physiological Control Systems},
  doi          = {10.1126/science.267326},
  issn         = {0036-8075},
  language     = {english},
  pages        = {287-289},
  volume       = {197},
}

@Book{Glass1988,
  author    = {Glass, Leon and Mackey, Michael C.},
  date      = {1988},
  title     = {From clocks to chaos. {The} rhythms of life},
  isbn      = {0-691-08495-5},
  language  = {english},
  publisher = {Princeton, NJ: Princeton University Press},
  keywords  = {92C30,92-02,92C50},
  zbl       = {0705.92004},
  zbmath    = {44435},
}

@Article{Kolesov2010,
  author       = {Kolesov, A. Yu. and Mishchenko, E. F. and Rozov, N. Kh.},
  date         = {2010},
  journaltitle = {Computational Mathematics and Mathematical Physics},
  title        = {A modification of Hutchinson’s equation},
  doi          = {10.1134/s0965542510120031},
  issn         = {1555-6662},
  language     = {english},
  number       = {12},
  pages        = {1990--2002},
  volume       = {50},
  publisher    = {Pleiades Publishing Ltd},
}

@Article{Roest2007,
  author       = {Röst, Gergely and Wu, Jianhong},
  date         = {2007},
  journaltitle = {Proceedings of the Royal Society A: Mathematical, Physical and Engineering Sciences},
  title        = {Domain-decomposition method for the global dynamics of delay differential equations with unimodal feedback},
  doi          = {10.1098/rspa.2007.1890},
  issn         = {1471-2946},
  language     = {english},
  number       = {2086},
  pages        = {2655--2669},
  volume       = {463},
  publisher    = {The Royal Society},
}

@Book{Krasnov1975,
  author    = {Krasnov, M.L.},
  date      = {1975},
  title     = {Integral Equations. An Introduction to the Theory [in Russian]},
  language  = {english},
  publisher = {М.: Наука},
}

@Book{Filippov1988,
  author    = {Filippov, A. F.},
  date      = {1988},
  title     = {Differential Equations with Discontinuous Righthand Sides},
  language  = {english},
  publisher = {Springer Netherlands: Dordrecht},
}

@Article{Berezansky2006,
  author       = {L. Berezansky and E. Braverman},
  date         = {2006},
  journaltitle = {Computers and Mathematics with Applications},
  title        = {Mackey-glass equation with variable coefficients},
  doi          = {10.1016/j.camwa.2005.09.001},
  issn         = {0898-1221},
  language     = {english},
  pages        = {1-16},
  volume       = {51},
}

@Article{Junges2012,
  author       = {Junges, Leandro and Gallas, Jason A. C.},
  date         = {2012},
  journaltitle = {Physics Letters. A},
  title        = {Intricate routes to chaos in the {Mackey}-{Glass} delayed feedback system},
  doi          = {10.1016/j.physleta.2012.05.022},
  issn         = {0375-9601},
  language     = {english},
  number       = {30-31},
  pages        = {2109--2116},
  volume       = {376},
  keywords     = {93B52,34K23,34K11,34H10},
  zbl          = {1266.93057},
  zbmath       = {6179535},
}

@Article{Su2011,
  author       = {Su, Huan and Ding, Xiaohua and Li, Wenxue},
  date         = {2011},
  journaltitle = {Applied Mathematical Modelling},
  title        = {Numerical bifurcation control of {Mackey}-{Glass} system},
  doi          = {10.1016/j.apm.2011.01.009},
  issn         = {0307-904X},
  language     = {english},
  number       = {7},
  pages        = {3460--3472},
  volume       = {35},
  keywords     = {93D15,92C30,34K18,37N25,93B52,92-08},
  zbl          = {1221.93235},
  zbmath       = {5947891},
}

@Article{Liz2002,
  author       = {Liz, Eduardo and Trofimchuk, Elena and Trofimchuk, Sergei},
  date         = {2002},
  journaltitle = {Journal of Mathematical Analysis and Applications},
  title        = {Mackey-{Glass} type delay differential equations near the boundary of absolute stability},
  doi          = {10.1016/S0022-247X(02)00416-X},
  issn         = {0022-247X},
  language     = {english},
  number       = {2},
  pages        = {747--760},
  volume       = {275},
  keywords     = {34K20},
  zbl          = {1022.34071},
  zbmath       = {1866713},
}

@Article{Wu2007,
  author       = {Xin-Min Wu and Jing-Wen Li and Hou-Qing Zhou},
  date         = {2007},
  journaltitle = {Computers and Mathematics with Applications},
  title        = {A necessary and sufficient condition for the existence of positive periodic solutions of a model of hematopoiesis},
  doi          = {10.1016/j.camwa.2007.03.004},
  issn         = {0898-1221},
  language     = {english},
  pages        = {840-849},
  volume       = {54},
}

@Article{Namajunas1995,
  author       = {A. Namajūnas and K. Pyragas and A. Tamaševičius},
  date         = {1995},
  journaltitle = {Physics Letters A},
  title        = {An electronic analog of the Mackey-Glass system},
  doi          = {10.1016/0375-9601(95)00208-k},
  issn         = {0375-9601},
  language     = {english},
  pages        = {42-46},
  volume       = {201},
}

@Article{Glyzin2018,
  author       = {Glyzin, S. D. and Kolesov, A. Yu. and Rozov, N. Kh.},
  date         = {2018},
  journaltitle = {Theoretical and Mathematical Physics},
  title        = {An approach to modeling artificial gene networks},
  doi          = {10.1134/S0040577918030121},
  issn         = {0040-5779},
  language     = {english},
  number       = {3},
  pages        = {471--490},
  volume       = {194},
  keywords     = {92C40,92C42,35Q92},
  zbl          = {1400.92185},
  zbmath       = {6952238},
}

@Article{Glyzin2018a,
  author       = {Glyzin, S. D. and Kolesov, A. Yu. and Rozov, N. Kh.},
  date         = {2018},
  journaltitle = {Computational Mathematics and Mathematical Physics},
  title        = {Quasi-stable structures in circular gene networks},
  doi          = {10.1134/S0965542518050093},
  issn         = {0965-5425},
  language     = {english},
  number       = {5},
  pages        = {659--679},
  volume       = {58},
  keywords     = {34C60,34E15,34C05,34D20,34K13,92B20,92D10},
  zbl          = {1398.34066},
  zbmath       = {6920533},
}

@Article{Grassberger1983,
  author       = {Grassberger, Peter and Procaccia, Itamar},
  date         = {1983},
  journaltitle = {Physica D},
  title        = {Measuring the strangeness of strange attractors},
  doi          = {10.1016/0167-2789(83)90298-1},
  issn         = {0167-2789},
  language     = {english},
  pages        = {189--208},
  volume       = {9},
  keywords     = {37D45,28A80,37D25,37A35},
  zbl          = {0593.58024},
  zbmath       = {3953892},
}

@Article{Shahverdiev2006,
  author       = {Shahverdiev, E. M. and Nuriev, R. A. and Hashimov, R. H. and Shore, K. A.},
  date         = {2006},
  journaltitle = {Chaos, Solitons and Fractals},
  title        = {Chaos synchronization between the {Mackey}-{Glass} systems with multiple time delays},
  doi          = {10.1016/j.chaos.2005.08.128},
  issn         = {0960-0779},
  language     = {english},
  number       = {4},
  pages        = {854--861},
  volume       = {29},
  keywords     = {37D45,34K20,93D15},
  zbl          = {1142.37330},
  zbmath       = {5323187},
}

@Article{Tateno2012,
  author       = {Masahiko Tateno and Atsushi Uchida},
  date         = {2012},
  journaltitle = {Nonlinear Theory Appl., IEICE},
  title        = {Nonlinear dynamics and chaos synchronization in Mackey-Glass electronic circuits with multiple time-delayed feedback},
  doi          = {10.1587/nolta.3.155},
  issn         = {2185-4106},
  language     = {english},
  pages        = {155-164},
  volume       = {3},
}

@Article{Sano2007,
  author       = {Satoshi Sano and Atsushi Uchida and Shigeru Yoshimori and Rajarshi Roy},
  date         = {2007},
  journaltitle = {Phys. ReV. E},
  title        = {Dual synchronization of chaos in Mackey-Glass electronic circuits with time-delayed feedback},
  doi          = {10.1103/physreve.75.016207},
  issn         = {1539-3755},
  language     = {english},
  pages        = {016207},
  volume       = {75},
}

@Article{Wan2009,
  author       = {Wan, Aying and Wei, Junjie},
  date         = {2009},
  journaltitle = {Nonlinear Dynamics},
  title        = {Bifurcation analysis of {Mackey}-{Glass} electronic circuits model with delayed feedback},
  doi          = {10.1007/s11071-008-9422-7},
  issn         = {0924-090X},
  language     = {english},
  number       = {1-2},
  pages        = {85--96},
  volume       = {57},
  keywords     = {78A55},
  zbl          = {1176.78020},
  zbmath       = {5642415},
}

@Article{Preobrazhenskaia2021,
  author       = {Margarita M. Preobrazhenskaia},
  date         = {2021},
  journaltitle = {IFAC PapersOnLine},
  title        = {Antiphase mode in a Pair of Mackey–Glass Type Generators with Two Delays},
  doi          = {10.1016/j.ifacol.2021.11.040},
  issn         = {2405-8963},
  language     = {english},
  number       = {17},
  pages        = {145-148},
  volume       = {54},
}

 
@Article{Bartha2021,
  author       = {Bartha, Ferenc and Krisztin, Tibor and Vígh, Alexandra},
  date         = {2021},
  journaltitle = {Journal of Differential Equations},
  title        = {Stable periodic orbits for the Mackey–Glass equation},
  doi          = {10.1016/j.jde.2021.05.052},
  issn         = {0022-0396},
  language     = {english},
  pages        = {15--49},
  volume       = {296},
  publisher    = {Elsevier BV},
}

 
@Article{Krisztin2020,
  author       = {Krisztin, Tibor},
  date         = {2020},
  journaltitle = {Electronic Journal of Qualitative Theory of Differential Equations},
  title        = {Periodic solutions with long period for the Mackey–Glass equation},
  doi          = {10.14232/ejqtde.2020.1.83},
  issn         = {1417-3875},
  language     = {english},
  number       = {83},
  pages        = {1--12},
  publisher    = {University of Szeged},
}

 
@Article{Glyzin2012,
  author       = {Glyzin, S. D. and Kolesov, A. Yu. and Rozov, N. Kh.},
  date         = {2012},
  journaltitle = {Computational Mathematics and Mathematical Physics},
  title        = {Discrete autowaves in neural systems},
  doi          = {10.1134/s0965542512050090},
  issn         = {1555-6662},
  language     = {english},
  number       = {5},
  pages        = {702--719},
  volume       = {52},
  publisher    = {Pleiades Publishing Ltd},
}

 
@Article{Glyzin2022a,
  author       = {Glyzin, S. D. and Kolesov, A. Yu.},
  date         = {2022},
  journaltitle = {Computational Mathematics and Mathematical Physics},
  title        = {Travelling Waves in Fully Coupled Networks of Linear Oscillators},
  doi          = {10.1134/S0965542522010079},
  issn         = {0965-5425},
  language     = {english},
  number       = {1},
  pages        = {66-83},
  volume       = {62},
  publisher    = {The Russian Academy of Sciences},
}

 
@Article{Preobrazhenskaya2021,
  author       = {Preobrazhenskaya, M. M.},
  date         = {2021},
  journaltitle = {Theoretical and Mathematical Physics},
  title        = {Discrete traveling waves in a relay system of Mackey–Glass equations with two delays},
  doi          = {10.1134/s0040577921060106},
  issn         = {1573-9333},
  language     = {english},
  number       = {3},
  pages        = {827--840},
  volume       = {207},
  publisher    = {Pleiades Publishing Ltd},
}

@Book{Goodwin1963,
  author   = {Goodwin, Brian C},
  date     = {1963},
  title    = {Temporal organization in cells. A dynamic theory of cellular control processes},
  editor   = {London, Academic Press},
  language = {english},
}

@Article{Kubyshkin2016,
  author       = {E. P. Kubyshkin and A. R. Moryakova},
  date         = {2016},
  journaltitle = {Modeling and Analysis of Information Systems},
  title        = {Bifurcation of Periodic Solutions of the Mackey – Glass Equation},
  doi          = {10.18255/1818-1015-2016-6-784-803},
  issn         = {2313-5417},
  language     = {english},
  number       = {6},
  pages        = {784--803},
  volume       = {23},
  publisher    = {Yaroslavl State University},
}

@Article{Amil2015a,
  author       = {Amil, Pablo and Cabeza, Cecilia and Mart{\'\i}, Arturo C.},
  date         = {2015},
  journaltitle = {IEEE Transactions on circuits and systems-ii: express briefs},
  title        = {Electronic Implementation of the Mackey-Glass Delayed Model},
  doi          = {10.48550/arXiv.1408.5083},
  eid          = {arXiv:1408.5083},
  eprint       = {1408.5083},
  eprintclass  = {nlin.CD},
  eprinttype   = {arXiv},
  language     = {english},
  number       = {7},
  pages        = {681--685},
  volume       = {62},
  keywords     = {Nonlinear Sciences - Chaotic Dynamics},
}

@Article{Volokitin2004,
  author       = {Volokitin, E. P.},
  date         = {2004},
  journaltitle = {Sib. Zh. Ind. Mat.},
  title        = {On limit cycles in the simplest model of a hypothetical gene network [in Russian].},
  language     = {english},
  number       = {3},
  pages        = {57--65},
  volume       = {7},
}

@Article{Kolesov1997,
  author       = {Kolesov, A. Yu. and Mishchenko, E. F. and Rozov, N. Kh.},
  date         = {1997},
  journaltitle = {Proc. Steklov Inst. Math.},
  title        = {A relay with delay and its $C^1$-approximation.},
  language     = {english},
  pages        = {126--153},
  volume       = {216},
}

 
@Book{Diekmann1995,
  author       = {Diekmann, Odo and Verduyn Lunel, Sjoerd M. and van Gils, Stephan A. and Walther, Hanns-Otto},
  date         = {1995},
  title        = {Delay Equations},
  doi          = {10.1007/978-1-4612-4206-2},
  isbn         = {9781461242062},
  language     = {english},
  publisher    = {Springer New York},
  issn         = {0066-5452},
  journaltitle = {Applied Mathematical Sciences},
}

 
@Article{Hutchinson1948,
  author       = {Hutchinson, G. Evelyn},
  date         = {1948},
  journaltitle = {Annals of the New York Academy of Sciences},
  title        = {Circular causal systems in ecology},
  doi          = {10.1111/j.1749-6632.1948.tb39854.x},
  issn         = {1749-6632},
  language     = {english},
  number       = {4},
  pages        = {221--246},
  volume       = {50},
  publisher    = {Wiley},
}

@Article{Glyzin2007,
  author       = {Glyzin, S. D.},
  date         = {2007},
  journaltitle = {Model. Anal. Inform. Sist.},
  title        = {A registration of age groups for the Hutchinson's equation [in Russian]},
  issue        = {3},
  language     = {english},
  pages        = {29--42},
  volume       = {14},
}

@Book{Malthus1798,
  author   = {Th. R. Malthus},
  date     = {1798},
  title    = {An Essay on the Principle of Population},
  language = {english},
}

 
@Article{Verhulst1838,
  author       = {P. F. Verhulst},
  date         = {1838},
  journaltitle = {Correspondance mathématique et physique},
  title        = {Notice sur la loi que la populations suit dans son accroissement},
  issue        = {10},
  language     = {english},
  number       = {4},
  pages        = {113--121},
  volume       = {3},
}

@Book{Lotka1925,
  author    = {Lotka, A.J.},
  date      = {1925},
  title     = {Elements of Physical Biology},
  language  = {english},
  publisher = {Williams and Wilkins, Baltimore},
}

@Article{Kaschenko2012,
  author       = {Kaschenko, S.A.},
  date         = {2012},
  journaltitle = {Modeling and Analysis of Information Systems},
  title        = {Asymptotics of Solutions of the Generalized Hutchinson’s Equation [in Russian]},
  issue        = {3},
  language     = {english},
  pages        = {20--61},
  volume       = {19},
}

 
@Article{Volterra1926,
  author       = {Volterra, Vito},
  date         = {1926},
  journaltitle = {Nature},
  title        = {Fluctuations in the Abundance of a Species considered Mathematically},
  doi          = {10.1038/118558a0},
  issn         = {1476-4687},
  language     = {english},
  number       = {2972},
  pages        = {558--560},
  volume       = {118},
  publisher    = {Springer Science and Business Media LLC},
}

@Article{KolesovKolesov1993,
  author       = {Kolesov, A. Yu. and Kolesov, Yu. S.},
  date         = {1995},
  journaltitle = {Proc. Steklov Inst. Math.},
  title        = {Relaxational oscillations in mathematical models of ecology},
  language     = {english},
  pages        = {1--126},
  volume       = {199},
}

 
@Article{Huang2024,
  author       = {Huang, Xianying and Li, Yongkun},
  date         = {2024},
  journaltitle = {AIMS Mathematics},
  title        = {Besicovitch almost periodic solutions for a stochastic generalized Mackey-Glass hematopoietic model},
  doi          = {10.3934/math.20241294},
  issn         = {2473-6988},
  language     = {english},
  number       = {10},
  pages        = {26602--26630},
  volume       = {9},
  publisher    = {American Institute of Mathematical Sciences (AIMS)},
}

 
@Article{Elowitz2000,
  author       = {Elowitz, Michael B. and Leibler, Stanislas},
  date         = {2000},
  journaltitle = {Nature},
  title        = {A synthetic oscillatory network of transcriptional regulators},
  doi          = {10.1038/35002125},
  issn         = {1476-4687},
  language     = {english},
  number       = {6767},
  pages        = {335--338},
  volume       = {403},
  publisher    = {Springer Science and Business Media LLC},
}

@Book{GlyzinBook2018,
  author    = {Glyzin, S. D. and Kolesov, A. Yu.},
  date      = {2018},
  title     = {Self-oscillations in gene networks},
  isbn      = {978-5-8397-1166-2},
  language  = {english},
  publisher = {Yaroslavl State University},
}

 
@Article{Buse2009,
  author       = {Buse, O. and Kuznetsov, A. and Pérez, R.},
  date         = {2009},
  journaltitle = {International Journal of Bifurcation and Chaos},
  title        = {Existence of limit cycles in the repressilator equations},
  doi          = {10.1142/s0218127409025237},
  issn         = {1793-6551},
  language     = {english},
  number       = {12},
  pages        = {4097--4106},
  volume       = {19},
  publisher    = {World Scientific Pub Co Pte Lt},
}

 
@Article{Buse2010,
  author       = {Buse, O. and Pérez, R. and Kuznetsov, A.},
  date         = {2010},
  journaltitle = {Physical Review E},
  title        = {Dynamical properties of the repressilator model},
  doi          = {10.1103/physreve.81.066206},
  issn         = {1550-2376},
  language     = {english},
  number       = {6},
  pages        = {066206},
  volume       = {81},
  publisher    = {American Physical Society (APS)},
}

 
@Article{Preobrazhenskii2024,
  author       = {Preobrazhenskii, I. E. and Preobrazhenskaia, M. M.},
  date         = {2024},
  journaltitle = {Izvestiya VUZ. Applied Nonlinear Dynamics},
  title        = {Discrete traveling waves in a relay system of differential-difference equations modeling a fully connected network of synaptically connected neurons},
  doi          = {10.18500/0869-6632-003117},
  issn         = {2542-1905},
  language     = {english},
}

@Article{Sergeev2024,
  author       = {Sergeev, I.N.},
  date         = {2024},
  journaltitle = {Differential Equations},
  title        = {On the seminar on qualitative theory of differential equations at Moscow State University [in Russian]},
  language     = {english},
  number       = {11},
  pages        = {1566-1584},
  volume       = {60},
}

@Article{Amil2015,
  author       = {Amil, Pablo and Cabeza, Cecilia and Masoller, Cristina and Mart{\'{\i}}, Arturo C.},
  date         = {2015},
  journaltitle = {Chaos},
  title        = {Organization and identification of solutions in the time-delayed {Mackey}-{Glass} model},
  doi          = {10.1063/1.4918593},
  issn         = {1054-1500},
  language     = {english},
  number       = {4},
  pages        = {043112, 8},
  volume       = {25},
  keywords     = {94C05},
  zbl          = {1374.94887},
  zbmath       = {6808721},
}

@Book{Utkin1981,
  author    = {Utkin, V. I.},
  date      = {1981},
  title     = {Sliding Modes in Optimization and Control Problems [in Russian]},
  language  = {english},
  publisher = {Nauka},
}

 
@Article{Berezansky2012,
  author       = {Berezansky, Leonid and Braverman, Elena and Idels, Lev},
  date         = {2012},
  journaltitle = {Nonlinear Analysis: Theory, Methods and Applications},
  title        = {The Mackey–Glass model of respiratory dynamics: Review and new results},
  doi          = {10.1016/j.na.2012.06.013},
  issn         = {0362-546X},
  language     = {english},
  number       = {16},
  pages        = {6034--6052},
  volume       = {75},
  publisher    = {Elsevier BV},
}

@Article{Golubyatnikov2006,
  author       = {Golubyatnikov, V.P. and Kleshchev, A.G. and Kleshcheva, K.A. and Kudryavtseva, A.V.},
  date         = {2006},
  journaltitle = {Sib. Zh. Ind.Mat.},
  title        = {Investigations of the Phase Portraits of Three-Dimensional Models of Gene Networks [in Russian]},
  language     = {english},
  number       = {1},
  pages        = {75--84},
  volume       = {9},
}

@Article{Likhoshvaj2003,
  author       = {Likhoshvai V.A., and Matushkin Yu.G., and Fadeev S.I.},
  date         = {2003},
  journaltitle = {Sibirskiy zhurnal industrialnoy matematiki},
  title        = {Problems of the theory of gene networks functioning},
  language     = {english},
  number       = {2},
  pages        = {64--80},
  volume       = {6},
}

 
@Article{Glyzin2013,
  author       = {Glyzin, S. D. and Kolesov, A. Yu. and Rozov, N. Kh.},
  date         = {2013},
  journaltitle = {Differential Equations},
  title        = {On a method for mathematical modeling of chemical synapses},
  doi          = {10.1134/s0012266113100017},
  issn         = {1608-3083},
  language     = {english},
  number       = {10},
  pages        = {1193--1210},
  volume       = {49},
  publisher    = {Pleiades Publishing Ltd},
}

 
@Article{Glyzin2016,
  author       = {Glyzin, S. D. and Kolesov, A. Yu. and Rozov, N. Kh.},
  date         = {2016},
  journaltitle = {Theoretical and Mathematical Physics},
  title        = {Buffering in cyclic gene networks},
  doi          = {10.1134/s0040577916060106},
  issn         = {1573-9333},
  language     = {english},
  number       = {3},
  pages        = {935--951},
  volume       = {187},
  publisher    = {Pleiades Publishing Ltd},
}

 
@Article{Glyzin2017,
  author       = {Glyzin, S. D. and Kolesov, A. Yu. and Rozov, N. Kh.},
  date         = {2017},
  journaltitle = {Mathematical Notes},
  title        = {Existence and stability of the relaxation cycle in a mathematical repressilator model},
  doi          = {10.1134/s0001434617010072},
  issn         = {1573-8876},
  language     = {english},
  number       = {1–2},
  pages        = {71--86},
  volume       = {101},
  publisher    = {Pleiades Publishing Ltd},
}

 
@Article{GlyKol2013,
  author       = {Glyzin, Sergei D and Kolesov, Andrei Yu and Rozov, Nikolai Kh},
  date         = {2013},
  journaltitle = {Izvestiya: Mathematics},
  title        = {Relaxation self-oscillations in Hopfield networks with delay},
  doi          = {10.1070/im2013v077n02abeh002636},
  issn         = {1468-4810},
  language     = {english},
  number       = {2},
  pages        = {271--312},
  volume       = {77},
  publisher    = {Steklov Mathematical Institute},
}

 
@Article{GlyKol2013a,
  author       = {Glyzin, S. D. and Kolesov, A. Yu. and Rozov, N. Kh.},
  date         = {2013},
  journaltitle = {Theoretical and Mathematical Physics},
  title        = {Periodic traveling-wave-type solutions in circular chains of unidirectionally coupled equations},
  doi          = {10.1007/s11232-013-0041-1},
  issn         = {1573-9333},
  language     = {english},
  number       = {1},
  pages        = {499--517},
  volume       = {175},
  publisher    = {Springer Science and Business Media LLC},
}

 
@Article{Glyzin2014,
  author       = {Glyzin, S. D. and Kolesov, A. Yu. and Rozov, N. Kh.},
  date         = {2014},
  journaltitle = {Theoretical and Mathematical Physics},
  title        = {Buffering effect in continuous chains of unidirectionally coupled generators},
  doi          = {10.1007/s11232-014-0217-3},
  issn         = {1573-9333},
  language     = {english},
  number       = {2},
  pages        = {1349--1366},
  volume       = {181},
  publisher    = {Springer Science and Business Media LLC},
}

@Article{Glyzin2022,
  author       = {Glyzin, S. D. and Kolesov, A. Yu.},
  date         = {2022},
  journaltitle = {Theoretical and Mathematical Physics},
  title        = {Periodic two-cluster synchronization modes in fully coupled networks of nonlinear oscillators},
  doi          = {10.1134/s0040577922080049},
  issn         = {1573-9333},
  language     = {english},
  number       = {2},
  pages        = {1073--1091},
  volume       = {212},
  publisher    = {Pleiades Publishing Ltd},
}

 
@Article{Preobrazhenskaya2020,
  author       = {Preobrazhenskaya, M. M.},
  date         = {2020},
  journaltitle = {Theoretical and Mathematical Physics},
  title        = {A relay Mackey—Glass model with two delays},
  doi          = {10.1134/s004057792004008x},
  issn         = {1573-9333},
  language     = {english},
  number       = {1},
  pages        = {524--534},
  volume       = {203},
  publisher    = {Pleiades Publishing Ltd},
}

 
@Article{Kolesov2016,
  author       = {Kolesov, A Yu and Rozov, N Kh and Sadovnichii, V A},
  date         = {2016},
  journaltitle = {Izvestiya: Mathematics},
  title        = {Periodic solutions of travelling-wave type in circular gene networks},
  doi          = {10.1070/im8398},
  issn         = {1468-4810},
  language     = {english},
  number       = {3},
  pages        = {523--548},
  volume       = {80},
  publisher    = {Steklov Mathematical Institute},
}

@Comment{jabref-meta: databaseType:biblatex;}
